%YAML 1.1
%TAG !u! tag:unity3d.com,2011:
--- !u!1 &5557462397460283011
GameObject:
  m_ObjectHideFlags: 0
  m_CorrespondingSourceObject: {fileID: 0}
  m_PrefabInstance: {fileID: 0}
  m_PrefabAsset: {fileID: 0}
  serializedVersion: 6
  m_Component:
  - component: {fileID: 5557462397460283012}
  - component: {fileID: 5557462397460283013}
  - component: {fileID: 5557462397460283010}
  m_Layer: 0
  m_Name: camera
  m_TagString: MainCamera
  m_Icon: {fileID: 0}
  m_NavMeshLayer: 0
  m_StaticEditorFlags: 0
  m_IsActive: 1
--- !u!4 &5557462397460283012
Transform:
  m_ObjectHideFlags: 0
  m_CorrespondingSourceObject: {fileID: 0}
  m_PrefabInstance: {fileID: 0}
  m_PrefabAsset: {fileID: 0}
  m_GameObject: {fileID: 5557462397460283011}
  m_LocalRotation: {x: 0.120961264, y: -0, z: -0, w: 0.99265724}
  m_LocalPosition: {x: 0, y: 2.29, z: -2.88}
  m_LocalScale: {x: 1, y: 1, z: 1}
  m_Children: []
  m_Father: {fileID: 5557462399031620948}
  m_RootOrder: 0
  m_LocalEulerAnglesHint: {x: 13.895, y: 0, z: 0}
--- !u!20 &5557462397460283013
Camera:
  m_ObjectHideFlags: 0
  m_CorrespondingSourceObject: {fileID: 0}
  m_PrefabInstance: {fileID: 0}
  m_PrefabAsset: {fileID: 0}
  m_GameObject: {fileID: 5557462397460283011}
  m_Enabled: 1
  serializedVersion: 2
  m_ClearFlags: 1
  m_BackGroundColor: {r: 0.19215687, g: 0.3019608, b: 0.4745098, a: 0}
  m_projectionMatrixMode: 1
  m_SensorSize: {x: 36, y: 24}
  m_LensShift: {x: 0, y: 0}
  m_GateFitMode: 2
  m_FocalLength: 50
  m_NormalizedViewPortRect:
    serializedVersion: 2
    x: 0
    y: 0
    width: 1
    height: 1
  near clip plane: 0.3
  far clip plane: 1000
  field of view: 60
  orthographic: 0
  orthographic size: 5
  m_Depth: -1
  m_CullingMask:
    serializedVersion: 2
    m_Bits: 4294967295
  m_RenderingPath: -1
  m_TargetTexture: {fileID: 0}
  m_TargetDisplay: 0
  m_TargetEye: 3
  m_HDR: 1
  m_AllowMSAA: 1
  m_AllowDynamicResolution: 0
  m_ForceIntoRT: 0
  m_OcclusionCulling: 1
  m_StereoConvergence: 10
  m_StereoSeparation: 0.022
--- !u!81 &5557462397460283010
AudioListener:
  m_ObjectHideFlags: 0
  m_CorrespondingSourceObject: {fileID: 0}
  m_PrefabInstance: {fileID: 0}
  m_PrefabAsset: {fileID: 0}
  m_GameObject: {fileID: 5557462397460283011}
  m_Enabled: 1
--- !u!1 &5557462399031257354
GameObject:
  m_ObjectHideFlags: 0
  m_CorrespondingSourceObject: {fileID: 0}
  m_PrefabInstance: {fileID: 0}
  m_PrefabAsset: {fileID: 0}
  serializedVersion: 6
  m_Component:
  - component: {fileID: 5557462399031620906}
  m_Layer: 0
  m_Name: upperarm_r
  m_TagString: Untagged
  m_Icon: {fileID: 0}
  m_NavMeshLayer: 0
  m_StaticEditorFlags: 0
  m_IsActive: 1
--- !u!4 &5557462399031620906
Transform:
  m_ObjectHideFlags: 0
  m_CorrespondingSourceObject: {fileID: 0}
  m_PrefabInstance: {fileID: 0}
  m_PrefabAsset: {fileID: 0}
  m_GameObject: {fileID: 5557462399031257354}
  m_LocalRotation: {x: 0.16332845, y: -0.3165966, z: 0.21031736, w: 0.9104158}
  m_LocalPosition: {x: 0.1648471, y: 0.03655229, z: 0.0033079528}
  m_LocalScale: {x: 1, y: 1.0000001, z: 1.0000001}
  m_Children:
  - {fileID: 5557462399031620954}
  m_Father: {fileID: 5557462399031620976}
  m_RootOrder: 0
  m_LocalEulerAnglesHint: {x: 0, y: 0, z: 0}
--- !u!1 &5557462399031257356
GameObject:
  m_ObjectHideFlags: 0
  m_CorrespondingSourceObject: {fileID: 0}
  m_PrefabInstance: {fileID: 0}
  m_PrefabAsset: {fileID: 0}
  serializedVersion: 6
  m_Component:
  - component: {fileID: 5557462399031620908}
  m_Layer: 0
  m_Name: upperarm_l
  m_TagString: Untagged
  m_Icon: {fileID: 0}
  m_NavMeshLayer: 0
  m_StaticEditorFlags: 0
  m_IsActive: 1
--- !u!4 &5557462399031620908
Transform:
  m_ObjectHideFlags: 0
  m_CorrespondingSourceObject: {fileID: 0}
  m_PrefabInstance: {fileID: 0}
  m_PrefabAsset: {fileID: 0}
  m_GameObject: {fileID: 5557462399031257356}
  m_LocalRotation: {x: 0.16332844, y: -0.31659654, z: 0.21031736, w: 0.9104159}
  m_LocalPosition: {x: -0.16484787, y: -0.036552366, z: -0.0033078003}
  m_LocalScale: {x: 0.9999999, y: 1, z: 1}
  m_Children:
  - {fileID: 5557462399031620956}
  m_Father: {fileID: 5557462399031620978}
  m_RootOrder: 0
  m_LocalEulerAnglesHint: {x: 0, y: 0, z: 0}
--- !u!1 &5557462399031257358
GameObject:
  m_ObjectHideFlags: 0
  m_CorrespondingSourceObject: {fileID: 0}
  m_PrefabInstance: {fileID: 0}
  m_PrefabAsset: {fileID: 0}
  serializedVersion: 6
  m_Component:
  - component: {fileID: 5557462399031620910}
  m_Layer: 0
  m_Name: thumb_02_r
  m_TagString: Untagged
  m_Icon: {fileID: 0}
  m_NavMeshLayer: 0
  m_StaticEditorFlags: 0
  m_IsActive: 1
--- !u!4 &5557462399031620910
Transform:
  m_ObjectHideFlags: 0
  m_CorrespondingSourceObject: {fileID: 0}
  m_PrefabInstance: {fileID: 0}
  m_PrefabAsset: {fileID: 0}
  m_GameObject: {fileID: 5557462399031257358}
  m_LocalRotation: {x: -0.007609241, y: -0.0865035, z: -0.013220131, w: 0.99613476}
  m_LocalPosition: {x: 0.038695715, y: 0.0000011062622, z: 0.0000005340576}
  m_LocalScale: {x: 1, y: 1.0000001, z: 0.99999994}
  m_Children: []
  m_Father: {fileID: 5557462399031620914}
  m_RootOrder: 0
  m_LocalEulerAnglesHint: {x: 0, y: 0, z: 0}
--- !u!1 &5557462399031257360
GameObject:
  m_ObjectHideFlags: 0
  m_CorrespondingSourceObject: {fileID: 0}
  m_PrefabInstance: {fileID: 0}
  m_PrefabAsset: {fileID: 0}
  serializedVersion: 6
  m_Component:
  - component: {fileID: 5557462399031620912}
  m_Layer: 0
  m_Name: thumb_02_l
  m_TagString: Untagged
  m_Icon: {fileID: 0}
  m_NavMeshLayer: 0
  m_StaticEditorFlags: 0
  m_IsActive: 1
--- !u!4 &5557462399031620912
Transform:
  m_ObjectHideFlags: 0
  m_CorrespondingSourceObject: {fileID: 0}
  m_PrefabInstance: {fileID: 0}
  m_PrefabAsset: {fileID: 0}
  m_GameObject: {fileID: 5557462399031257360}
  m_LocalRotation: {x: -0.0076092235, y: -0.086503476, z: -0.013220084, w: 0.99613476}
  m_LocalPosition: {x: -0.03869667, y: 0.000000038146972, z: 0}
  m_LocalScale: {x: 1.0000001, y: 1.0000001, z: 1}
  m_Children: []
  m_Father: {fileID: 5557462399031620916}
  m_RootOrder: 0
  m_LocalEulerAnglesHint: {x: 0, y: 0, z: 0}
--- !u!1 &5557462399031257362
GameObject:
  m_ObjectHideFlags: 0
  m_CorrespondingSourceObject: {fileID: 0}
  m_PrefabInstance: {fileID: 0}
  m_PrefabAsset: {fileID: 0}
  serializedVersion: 6
  m_Component:
  - component: {fileID: 5557462399031620914}
  m_Layer: 0
  m_Name: thumb_01_r
  m_TagString: Untagged
  m_Icon: {fileID: 0}
  m_NavMeshLayer: 0
  m_StaticEditorFlags: 0
  m_IsActive: 1
--- !u!4 &5557462399031620914
Transform:
  m_ObjectHideFlags: 0
  m_CorrespondingSourceObject: {fileID: 0}
  m_PrefabInstance: {fileID: 0}
  m_PrefabAsset: {fileID: 0}
  m_GameObject: {fileID: 5557462399031257362}
  m_LocalRotation: {x: 0.62446123, y: -0.38127235, z: 0.087802745, w: 0.67599577}
  m_LocalPosition: {x: 0.017914008, y: -0.011224823, z: 0.034458674}
  m_LocalScale: {x: 1.0000001, y: 1, z: 1.0000002}
  m_Children:
  - {fileID: 5557462399031620910}
  m_Father: {fileID: 5557462399031620968}
  m_RootOrder: 2
  m_LocalEulerAnglesHint: {x: 0, y: 0, z: 0}
--- !u!1 &5557462399031257364
GameObject:
  m_ObjectHideFlags: 0
  m_CorrespondingSourceObject: {fileID: 0}
  m_PrefabInstance: {fileID: 0}
  m_PrefabAsset: {fileID: 0}
  serializedVersion: 6
  m_Component:
  - component: {fileID: 5557462399031620916}
  m_Layer: 0
  m_Name: thumb_01_l
  m_TagString: Untagged
  m_Icon: {fileID: 0}
  m_NavMeshLayer: 0
  m_StaticEditorFlags: 0
  m_IsActive: 1
--- !u!4 &5557462399031620916
Transform:
  m_ObjectHideFlags: 0
  m_CorrespondingSourceObject: {fileID: 0}
  m_PrefabInstance: {fileID: 0}
  m_PrefabAsset: {fileID: 0}
  m_GameObject: {fileID: 5557462399031257364}
  m_LocalRotation: {x: 0.62446123, y: -0.38127235, z: 0.08780272, w: 0.67599577}
  m_LocalPosition: {x: -0.017913131, y: 0.011223449, z: -0.03445878}
  m_LocalScale: {x: 0.9999998, y: 0.9999999, z: 1}
  m_Children:
  - {fileID: 5557462399031620912}
  m_Father: {fileID: 5557462399031620970}
  m_RootOrder: 2
  m_LocalEulerAnglesHint: {x: 0, y: 0, z: 0}
--- !u!1 &5557462399031257366
GameObject:
  m_ObjectHideFlags: 0
  m_CorrespondingSourceObject: {fileID: 0}
  m_PrefabInstance: {fileID: 0}
  m_PrefabAsset: {fileID: 0}
  serializedVersion: 6
  m_Component:
  - component: {fileID: 5557462399031620918}
  m_Layer: 0
  m_Name: thigh_twist_01_r
  m_TagString: Untagged
  m_Icon: {fileID: 0}
  m_NavMeshLayer: 0
  m_StaticEditorFlags: 0
  m_IsActive: 1
--- !u!4 &5557462399031620918
Transform:
  m_ObjectHideFlags: 0
  m_CorrespondingSourceObject: {fileID: 0}
  m_PrefabInstance: {fileID: 0}
  m_PrefabAsset: {fileID: 0}
  m_GameObject: {fileID: 5557462399031257366}
  m_LocalRotation: {x: -0.047420952, y: 0.022177897, z: 0.0015453914, w: 0.99862754}
  m_LocalPosition: {x: -0.23799491, y: -0.004898302, z: -0.024564685}
  m_LocalScale: {x: 1, y: 1, z: 1.0000001}
  m_Children: []
  m_Father: {fileID: 5557462399031620922}
  m_RootOrder: 1
  m_LocalEulerAnglesHint: {x: 0, y: 0, z: 0}
--- !u!1 &5557462399031257368
GameObject:
  m_ObjectHideFlags: 0
  m_CorrespondingSourceObject: {fileID: 0}
  m_PrefabInstance: {fileID: 0}
  m_PrefabAsset: {fileID: 0}
  serializedVersion: 6
  m_Component:
  - component: {fileID: 5557462399031620920}
  m_Layer: 0
  m_Name: thigh_twist_01_l
  m_TagString: Untagged
  m_Icon: {fileID: 0}
  m_NavMeshLayer: 0
  m_StaticEditorFlags: 0
  m_IsActive: 1
--- !u!4 &5557462399031620920
Transform:
  m_ObjectHideFlags: 0
  m_CorrespondingSourceObject: {fileID: 0}
  m_PrefabInstance: {fileID: 0}
  m_PrefabAsset: {fileID: 0}
  m_GameObject: {fileID: 5557462399031257368}
  m_LocalRotation: {x: -0.04742095, y: 0.022177903, z: 0.0015453935, w: 0.99862754}
  m_LocalPosition: {x: 0.23799491, y: 0.0048983037, z: 0.024564609}
  m_LocalScale: {x: 1, y: 0.99999994, z: 1}
  m_Children: []
  m_Father: {fileID: 5557462399031620924}
  m_RootOrder: 1
  m_LocalEulerAnglesHint: {x: 0, y: 0, z: 0}
--- !u!1 &5557462399031257370
GameObject:
  m_ObjectHideFlags: 0
  m_CorrespondingSourceObject: {fileID: 0}
  m_PrefabInstance: {fileID: 0}
  m_PrefabAsset: {fileID: 0}
  serializedVersion: 6
  m_Component:
  - component: {fileID: 5557462399031620922}
  m_Layer: 0
  m_Name: thigh_r
  m_TagString: Untagged
  m_Icon: {fileID: 0}
  m_NavMeshLayer: 0
  m_StaticEditorFlags: 0
  m_IsActive: 1
--- !u!4 &5557462399031620922
Transform:
  m_ObjectHideFlags: 0
  m_CorrespondingSourceObject: {fileID: 0}
  m_PrefabInstance: {fileID: 0}
  m_PrefabAsset: {fileID: 0}
  m_GameObject: {fileID: 5557462399031257370}
  m_LocalRotation: {x: -0.04000334, y: 0.073877536, z: 0.9964405, w: -0.0069441306}
  m_LocalPosition: {x: 0.053813018, y: -0.005241728, z: 0.12328899}
  m_LocalScale: {x: 0.99999994, y: 1.0000001, z: 1}
  m_Children:
  - {fileID: 5557462399031620984}
  - {fileID: 5557462399031620918}
  m_Father: {fileID: 5557462399031620944}
  m_RootOrder: 2
  m_LocalEulerAnglesHint: {x: 0, y: 0, z: 0}
--- !u!1 &5557462399031257372
GameObject:
  m_ObjectHideFlags: 0
  m_CorrespondingSourceObject: {fileID: 0}
  m_PrefabInstance: {fileID: 0}
  m_PrefabAsset: {fileID: 0}
  serializedVersion: 6
  m_Component:
  - component: {fileID: 5557462399031620924}
  m_Layer: 0
  m_Name: thigh_l
  m_TagString: Untagged
  m_Icon: {fileID: 0}
  m_NavMeshLayer: 0
  m_StaticEditorFlags: 0
  m_IsActive: 1
--- !u!4 &5557462399031620924
Transform:
  m_ObjectHideFlags: 0
  m_CorrespondingSourceObject: {fileID: 0}
  m_PrefabInstance: {fileID: 0}
  m_PrefabAsset: {fileID: 0}
  m_GameObject: {fileID: 5557462399031257372}
  m_LocalRotation: {x: 0.073877536, y: 0.04000334, z: 0.0069441586, w: 0.9964405}
  m_LocalPosition: {x: 0.053814925, y: -0.0052417004, z: -0.12328898}
  m_LocalScale: {x: 0.99999994, y: 1.0000001, z: 1}
  m_Children:
  - {fileID: 5557462399031620986}
  - {fileID: 5557462399031620920}
  m_Father: {fileID: 5557462399031620944}
  m_RootOrder: 1
  m_LocalEulerAnglesHint: {x: 0, y: 0, z: 0}
--- !u!1 &5557462399031257374
GameObject:
  m_ObjectHideFlags: 0
  m_CorrespondingSourceObject: {fileID: 0}
  m_PrefabInstance: {fileID: 0}
  m_PrefabAsset: {fileID: 0}
  serializedVersion: 6
  m_Component:
  - component: {fileID: 5557462399031620926}
  m_Layer: 0
  m_Name: spine_03
  m_TagString: Untagged
  m_Icon: {fileID: 0}
  m_NavMeshLayer: 0
  m_StaticEditorFlags: 0
  m_IsActive: 1
--- !u!4 &5557462399031620926
Transform:
  m_ObjectHideFlags: 0
  m_CorrespondingSourceObject: {fileID: 0}
  m_PrefabInstance: {fileID: 0}
  m_PrefabAsset: {fileID: 0}
  m_GameObject: {fileID: 5557462399031257374}
  m_LocalRotation: {x: 8.616252e-17, y: 3.5516682e-15, z: -0.024252597, w: 0.9997059}
  m_LocalPosition: {x: -0.13407326, y: 0.0042047594, z: -3.6379787e-14}
  m_LocalScale: {x: 1.0000001, y: 1.0000001, z: 1}
  m_Children:
  - {fileID: 5557462399031620978}
  - {fileID: 5557462399031620976}
  - {fileID: 5557462399031620946}
  m_Father: {fileID: 5557462399031620928}
  m_RootOrder: 0
  m_LocalEulerAnglesHint: {x: 0, y: 0, z: 0}
--- !u!1 &5557462399031257376
GameObject:
  m_ObjectHideFlags: 0
  m_CorrespondingSourceObject: {fileID: 0}
  m_PrefabInstance: {fileID: 0}
  m_PrefabAsset: {fileID: 0}
  serializedVersion: 6
  m_Component:
  - component: {fileID: 5557462399031620928}
  m_Layer: 0
  m_Name: spine_02
  m_TagString: Untagged
  m_Icon: {fileID: 0}
  m_NavMeshLayer: 0
  m_StaticEditorFlags: 0
  m_IsActive: 1
--- !u!4 &5557462399031620928
Transform:
  m_ObjectHideFlags: 0
  m_CorrespondingSourceObject: {fileID: 0}
  m_PrefabInstance: {fileID: 0}
  m_PrefabAsset: {fileID: 0}
  m_GameObject: {fileID: 5557462399031257376}
  m_LocalRotation: {x: 1.086677e-12, y: -5.1720255e-15, z: -0.12241981, w: 0.99247843}
  m_LocalPosition: {x: -0.11627349, y: 0.0380116, z: 5.9670124e-10}
  m_LocalScale: {x: 1.0000001, y: 1.0000001, z: 1}
  m_Children:
  - {fileID: 5557462399031620926}
  m_Father: {fileID: 5557462399031620930}
  m_RootOrder: 0
  m_LocalEulerAnglesHint: {x: 0, y: 0, z: 0}
--- !u!1 &5557462399031257378
GameObject:
  m_ObjectHideFlags: 0
  m_CorrespondingSourceObject: {fileID: 0}
  m_PrefabInstance: {fileID: 0}
  m_PrefabAsset: {fileID: 0}
  serializedVersion: 6
  m_Component:
  - component: {fileID: 5557462399031620930}
  m_Layer: 0
  m_Name: spine_01
  m_TagString: Untagged
  m_Icon: {fileID: 0}
  m_NavMeshLayer: 0
  m_StaticEditorFlags: 0
  m_IsActive: 1
--- !u!4 &5557462399031620930
Transform:
  m_ObjectHideFlags: 0
  m_CorrespondingSourceObject: {fileID: 0}
  m_PrefabInstance: {fileID: 0}
  m_PrefabAsset: {fileID: 0}
  m_GameObject: {fileID: 5557462399031257378}
  m_LocalRotation: {x: 1.083906e-12, y: -7.107087e-14, z: 0.062388636, w: 0.99805194}
  m_LocalPosition: {x: -0.120724715, y: -0.01754038, z: -9.0949465e-14}
  m_LocalScale: {x: 1, y: 1, z: 1}
  m_Children:
  - {fileID: 5557462399031620928}
  m_Father: {fileID: 5557462399031620944}
  m_RootOrder: 0
  m_LocalEulerAnglesHint: {x: 0, y: 0, z: 0}
--- !u!1 &5557462399031257380
GameObject:
  m_ObjectHideFlags: 0
  m_CorrespondingSourceObject: {fileID: 0}
  m_PrefabInstance: {fileID: 0}
  m_PrefabAsset: {fileID: 0}
  serializedVersion: 6
  m_Component:
  - component: {fileID: 5557462399031620932}
  - component: {fileID: 5557462399017657438}
  m_Layer: 0
  m_Name: mesh
  m_TagString: Untagged
  m_Icon: {fileID: 0}
  m_NavMeshLayer: 0
  m_StaticEditorFlags: 0
  m_IsActive: 1
--- !u!4 &5557462399031620932
Transform:
  m_ObjectHideFlags: 0
  m_CorrespondingSourceObject: {fileID: 0}
  m_PrefabInstance: {fileID: 0}
  m_PrefabAsset: {fileID: 0}
  m_GameObject: {fileID: 5557462399031257380}
  m_LocalRotation: {x: 0, y: -0, z: -0, w: 1}
  m_LocalPosition: {x: -0, y: 0, z: 0}
  m_LocalScale: {x: 1, y: 1, z: 1}
  m_Children: []
  m_Father: {fileID: 5557462399031620948}
  m_RootOrder: 2
  m_LocalEulerAnglesHint: {x: 0, y: 0, z: 0}
--- !u!137 &5557462399017657438
SkinnedMeshRenderer:
  m_ObjectHideFlags: 0
  m_CorrespondingSourceObject: {fileID: 0}
  m_PrefabInstance: {fileID: 0}
  m_PrefabAsset: {fileID: 0}
  m_GameObject: {fileID: 5557462399031257380}
  m_Enabled: 1
  m_CastShadows: 1
  m_ReceiveShadows: 1
  m_DynamicOccludee: 1
  m_MotionVectors: 1
  m_LightProbeUsage: 1
  m_ReflectionProbeUsage: 1
  m_RenderingLayerMask: 1
  m_RendererPriority: 0
  m_Materials:
  - {fileID: 2100000, guid: 78bbdb6fc62653842bf48914a9a43478, type: 2}
  m_StaticBatchInfo:
    firstSubMesh: 0
    subMeshCount: 0
  m_StaticBatchRoot: {fileID: 0}
  m_ProbeAnchor: {fileID: 0}
  m_LightProbeVolumeOverride: {fileID: 0}
  m_ScaleInLightmap: 1
  m_PreserveUVs: 0
  m_IgnoreNormalsForChartDetection: 0
  m_ImportantGI: 0
  m_StitchLightmapSeams: 0
  m_SelectedEditorRenderState: 3
  m_MinimumChartSize: 4
  m_AutoUVMaxDistance: 0.5
  m_AutoUVMaxAngle: 89
  m_LightmapParameters: {fileID: 0}
  m_SortingLayerID: 0
  m_SortingLayer: 0
  m_SortingOrder: 0
  serializedVersion: 2
  m_Quality: 0
  m_UpdateWhenOffscreen: 0
  m_SkinnedMotionVectors: 1
  m_Mesh: {fileID: 4300000, guid: 5116b7159f3ace74cbeb284204845114, type: 3}
  m_Bones:
  - {fileID: 5557462399031620944}
  - {fileID: 5557462399031620954}
  - {fileID: 5557462399031620968}
  - {fileID: 5557462399031620914}
  - {fileID: 5557462399031620910}
  - {fileID: 5557462399031620958}
  - {fileID: 5557462399031620936}
  - {fileID: 5557462399031620956}
  - {fileID: 5557462399031620970}
  - {fileID: 5557462399031620938}
  - {fileID: 5557462399031620960}
  - {fileID: 5557462399031620916}
  - {fileID: 5557462399031620912}
  - {fileID: 5557462399031620922}
  - {fileID: 5557462399031620924}
  - {fileID: 5557462399031620974}
  - {fileID: 5557462399031620986}
  - {fileID: 5557462399031620926}
  - {fileID: 5557462399031620946}
  - {fileID: 5557462399031620966}
  - {fileID: 5557462399031620972}
  - {fileID: 5557462399031620984}
  - {fileID: 5557462399031620906}
  - {fileID: 5557462399031620908}
  - {fileID: 5557462399031620990}
  - {fileID: 5557462399031620930}
  - {fileID: 5557462399031620928}
  - {fileID: 5557462399031620978}
  - {fileID: 5557462399031620976}
  - {fileID: 5557462399031620940}
  - {fileID: 5557462399031620962}
  - {fileID: 5557462399031620942}
  - {fileID: 5557462399031620964}
  m_BlendShapeWeights: []
  m_RootBone: {fileID: 5557462399031620944}
  m_AABB:
    m_Center: {x: 0.111073256, y: 0.03392204, z: 0.0000002682209}
    m_Extent: {x: 0.9192078, y: 0.24456283, z: 0.756426}
  m_DirtyAABB: 0
--- !u!1 &5557462399031257382
GameObject:
  m_ObjectHideFlags: 0
  m_CorrespondingSourceObject: {fileID: 0}
  m_PrefabInstance: {fileID: 0}
  m_PrefabAsset: {fileID: 0}
  serializedVersion: 6
  m_Component:
  - component: {fileID: 5557462399031620934}
  m_Layer: 0
  m_Name: root
  m_TagString: Untagged
  m_Icon: {fileID: 0}
  m_NavMeshLayer: 0
  m_StaticEditorFlags: 0
  m_IsActive: 1
--- !u!4 &5557462399031620934
Transform:
  m_ObjectHideFlags: 0
  m_CorrespondingSourceObject: {fileID: 0}
  m_PrefabInstance: {fileID: 0}
  m_PrefabAsset: {fileID: 0}
  m_GameObject: {fileID: 5557462399031257382}
  m_LocalRotation: {x: -0.7071068, y: 0, z: 0, w: 0.7071068}
  m_LocalPosition: {x: -0, y: 0, z: 0}
  m_LocalScale: {x: 1, y: 1, z: 1}
  m_Children:
  - {fileID: 5557462399031620944}
  m_Father: {fileID: 5557462399031620948}
  m_RootOrder: 1
  m_LocalEulerAnglesHint: {x: 0, y: 0, z: 0}
--- !u!1 &5557462399031257384
GameObject:
  m_ObjectHideFlags: 0
  m_CorrespondingSourceObject: {fileID: 0}
  m_PrefabInstance: {fileID: 0}
  m_PrefabAsset: {fileID: 0}
  serializedVersion: 6
  m_Component:
  - component: {fileID: 5557462399031620936}
  m_Layer: 0
  m_Name: ring_02_r
  m_TagString: Untagged
  m_Icon: {fileID: 0}
  m_NavMeshLayer: 0
  m_StaticEditorFlags: 0
  m_IsActive: 1
--- !u!4 &5557462399031620936
Transform:
  m_ObjectHideFlags: 0
  m_CorrespondingSourceObject: {fileID: 0}
  m_PrefabInstance: {fileID: 0}
  m_PrefabAsset: {fileID: 0}
  m_GameObject: {fileID: 5557462399031257384}
  m_LocalRotation: {x: 0.0023067435, y: 0.014625312, z: -0.2517805, w: 0.9676711}
  m_LocalPosition: {x: 0.044298857, y: 0.0000011444091, z: -0.00000019073485}
  m_LocalScale: {x: 1, y: 1.0000001, z: 0.9999998}
  m_Children: []
  m_Father: {fileID: 5557462399031620940}
  m_RootOrder: 0
  m_LocalEulerAnglesHint: {x: 0, y: 0, z: 0}
--- !u!1 &5557462399031257386
GameObject:
  m_ObjectHideFlags: 0
  m_CorrespondingSourceObject: {fileID: 0}
  m_PrefabInstance: {fileID: 0}
  m_PrefabAsset: {fileID: 0}
  serializedVersion: 6
  m_Component:
  - component: {fileID: 5557462399031620938}
  m_Layer: 0
  m_Name: ring_02_l
  m_TagString: Untagged
  m_Icon: {fileID: 0}
  m_NavMeshLayer: 0
  m_StaticEditorFlags: 0
  m_IsActive: 1
--- !u!4 &5557462399031620938
Transform:
  m_ObjectHideFlags: 0
  m_CorrespondingSourceObject: {fileID: 0}
  m_PrefabInstance: {fileID: 0}
  m_PrefabAsset: {fileID: 0}
  m_GameObject: {fileID: 5557462399031257386}
  m_LocalRotation: {x: 0.0023067503, y: 0.014625324, z: -0.2517805, w: 0.9676711}
  m_LocalPosition: {x: -0.044301834, y: 0, z: -0.000000038146972}
  m_LocalScale: {x: 1.0000001, y: 1, z: 0.9999999}
  m_Children: []
  m_Father: {fileID: 5557462399031620942}
  m_RootOrder: 0
  m_LocalEulerAnglesHint: {x: 0, y: 0, z: 0}
--- !u!1 &5557462399031257388
GameObject:
  m_ObjectHideFlags: 0
  m_CorrespondingSourceObject: {fileID: 0}
  m_PrefabInstance: {fileID: 0}
  m_PrefabAsset: {fileID: 0}
  serializedVersion: 6
  m_Component:
  - component: {fileID: 5557462399031620940}
  m_Layer: 0
  m_Name: ring_01_r
  m_TagString: Untagged
  m_Icon: {fileID: 0}
  m_NavMeshLayer: 0
  m_StaticEditorFlags: 0
  m_IsActive: 1
--- !u!4 &5557462399031620940
Transform:
  m_ObjectHideFlags: 0
  m_CorrespondingSourceObject: {fileID: 0}
  m_PrefabInstance: {fileID: 0}
  m_PrefabAsset: {fileID: 0}
  m_GameObject: {fileID: 5557462399031257388}
  m_LocalRotation: {x: -0.19979429, y: 0.009798252, z: -0.23901062, w: 0.95018953}
  m_LocalPosition: {x: 0.10455459, y: -0.010630111, z: -0.016656188}
  m_LocalScale: {x: 1, y: 1.0000002, z: 1}
  m_Children:
  - {fileID: 5557462399031620936}
  m_Father: {fileID: 5557462399031620968}
  m_RootOrder: 1
  m_LocalEulerAnglesHint: {x: 0, y: 0, z: 0}
--- !u!1 &5557462399031257390
GameObject:
  m_ObjectHideFlags: 0
  m_CorrespondingSourceObject: {fileID: 0}
  m_PrefabInstance: {fileID: 0}
  m_PrefabAsset: {fileID: 0}
  serializedVersion: 6
  m_Component:
  - component: {fileID: 5557462399031620942}
  m_Layer: 0
  m_Name: ring_01_l
  m_TagString: Untagged
  m_Icon: {fileID: 0}
  m_NavMeshLayer: 0
  m_StaticEditorFlags: 0
  m_IsActive: 1
--- !u!4 &5557462399031620942
Transform:
  m_ObjectHideFlags: 0
  m_CorrespondingSourceObject: {fileID: 0}
  m_PrefabInstance: {fileID: 0}
  m_PrefabAsset: {fileID: 0}
  m_GameObject: {fileID: 5557462399031257390}
  m_LocalRotation: {x: -0.19979429, y: 0.009798227, z: -0.23901066, w: 0.95018953}
  m_LocalPosition: {x: -0.10455387, y: 0.010627594, z: 0.0166568}
  m_LocalScale: {x: 1, y: 1.0000002, z: 1.0000001}
  m_Children:
  - {fileID: 5557462399031620938}
  m_Father: {fileID: 5557462399031620970}
  m_RootOrder: 1
  m_LocalEulerAnglesHint: {x: 0, y: 0, z: 0}
--- !u!1 &5557462399031257392
GameObject:
  m_ObjectHideFlags: 0
  m_CorrespondingSourceObject: {fileID: 0}
  m_PrefabInstance: {fileID: 0}
  m_PrefabAsset: {fileID: 0}
  serializedVersion: 6
  m_Component:
  - component: {fileID: 5557462399031620944}
  m_Layer: 0
  m_Name: pelvis
  m_TagString: Untagged
  m_Icon: {fileID: 0}
  m_NavMeshLayer: 0
  m_StaticEditorFlags: 0
  m_IsActive: 1
--- !u!4 &5557462399031620944
Transform:
  m_ObjectHideFlags: 0
  m_CorrespondingSourceObject: {fileID: 0}
  m_PrefabInstance: {fileID: 0}
  m_PrefabAsset: {fileID: 0}
  m_GameObject: {fileID: 5557462399031257392}
  m_LocalRotation: {x: 0.0012919111, y: 0.7071056, z: 0.0012919111, w: 0.70710564}
  m_LocalPosition: {x: -2.6325607e-17, y: 0.01034604, z: 1.0267856}
  m_LocalScale: {x: 1, y: 1, z: 1}
  m_Children:
  - {fileID: 5557462399031620930}
  - {fileID: 5557462399031620924}
  - {fileID: 5557462399031620922}
  m_Father: {fileID: 5557462399031620934}
  m_RootOrder: 0
  m_LocalEulerAnglesHint: {x: 0, y: 0, z: 0}
--- !u!1 &5557462399031257394
GameObject:
  m_ObjectHideFlags: 0
  m_CorrespondingSourceObject: {fileID: 0}
  m_PrefabInstance: {fileID: 0}
  m_PrefabAsset: {fileID: 0}
  serializedVersion: 6
  m_Component:
  - component: {fileID: 5557462399031620946}
  m_Layer: 0
  m_Name: neck_01
  m_TagString: Untagged
  m_Icon: {fileID: 0}
  m_NavMeshLayer: 0
  m_StaticEditorFlags: 0
  m_IsActive: 1
--- !u!4 &5557462399031620946
Transform:
  m_ObjectHideFlags: 0
  m_CorrespondingSourceObject: {fileID: 0}
  m_PrefabInstance: {fileID: 0}
  m_PrefabAsset: {fileID: 0}
  m_GameObject: {fileID: 5557462399031257394}
  m_LocalRotation: {x: -1.4582912e-16, y: -3.659149e-15, z: 0.20371054, w: 0.97903115}
  m_LocalPosition: {x: -0.18414794, y: -0.0116264345, z: -5.9658306e-10}
  m_LocalScale: {x: 1, y: 1, z: 1}
  m_Children:
  - {fileID: 5557462399031620966}
  m_Father: {fileID: 5557462399031620926}
  m_RootOrder: 2
  m_LocalEulerAnglesHint: {x: 0, y: 0, z: 0}
--- !u!1 &5557462399031257396
GameObject:
  m_ObjectHideFlags: 0
  m_CorrespondingSourceObject: {fileID: 0}
  m_PrefabInstance: {fileID: 0}
  m_PrefabAsset: {fileID: 0}
  serializedVersion: 6
  m_Component:
  - component: {fileID: 5557462399031620948}
  - component: {fileID: 5557462399021767326}
  - component: {fileID: 1626113462}
  - component: {fileID: 1626113463}
  - component: {fileID: 2585061360949225487}
  - component: {fileID: 5984664175718512174}
  m_Layer: 0
  m_Name: character
  m_TagString: Untagged
  m_Icon: {fileID: 0}
  m_NavMeshLayer: 0
  m_StaticEditorFlags: 0
  m_IsActive: 1
--- !u!4 &5557462399031620948
Transform:
  m_ObjectHideFlags: 0
  m_CorrespondingSourceObject: {fileID: 0}
  m_PrefabInstance: {fileID: 0}
  m_PrefabAsset: {fileID: 0}
  m_GameObject: {fileID: 5557462399031257396}
  m_LocalRotation: {x: 0, y: 0, z: 0, w: 1}
  m_LocalPosition: {x: -4.209543, y: 2.2375212e-16, z: -10.0769}
  m_LocalScale: {x: 1, y: 1, z: 1}
  m_Children:
  - {fileID: 5557462397460283012}
  - {fileID: 5557462399031620934}
  - {fileID: 5557462399031620932}
  m_Father: {fileID: 0}
  m_RootOrder: 0
  m_LocalEulerAnglesHint: {x: 0, y: 0, z: 0}
--- !u!95 &5557462399021767326
Animator:
  serializedVersion: 3
  m_ObjectHideFlags: 0
  m_CorrespondingSourceObject: {fileID: 0}
  m_PrefabInstance: {fileID: 0}
  m_PrefabAsset: {fileID: 0}
  m_GameObject: {fileID: 5557462399031257396}
  m_Enabled: 1
  m_Avatar: {fileID: 9000000, guid: 5116b7159f3ace74cbeb284204845114, type: 3}
  m_Controller: {fileID: 9100000, guid: d9c5eabdd96773c4bbeba0a283bf3ea6, type: 2}
  m_CullingMode: 1
  m_UpdateMode: 1
  m_ApplyRootMotion: 1
  m_LinearVelocityBlending: 0
  m_WarningMessage: 
  m_HasTransformHierarchy: 1
  m_AllowConstantClipSamplingOptimization: 1
  m_KeepAnimatorControllerStateOnDisable: 0
--- !u!114 &1626113462
MonoBehaviour:
  m_ObjectHideFlags: 0
  m_CorrespondingSourceObject: {fileID: 0}
  m_PrefabInstance: {fileID: 0}
  m_PrefabAsset: {fileID: 0}
  m_GameObject: {fileID: 5557462399031257396}
  m_Enabled: 1
  m_EditorHideFlags: 0
  m_Script: {fileID: 11500000, guid: 023e3ea0a3cab864b9fc0aa89800470a, type: 3}
  m_Name: 
  m_EditorClassIdentifier: 
  _inputController: {fileID: 1626113463}
  _weaponCollider: {fileID: 2367134824822272497}
  _animator: {fileID: 5557462399021767326}
  _maxSpeed: 1.25
--- !u!114 &1626113463
MonoBehaviour:
  m_ObjectHideFlags: 0
  m_CorrespondingSourceObject: {fileID: 0}
  m_PrefabInstance: {fileID: 0}
  m_PrefabAsset: {fileID: 0}
  m_GameObject: {fileID: 5557462399031257396}
  m_Enabled: 1
  m_EditorHideFlags: 0
  m_Script: {fileID: 11500000, guid: 155dbc0e3859c1c4baa1d7bdfbb29fa7, type: 3}
  m_Name: 
  m_EditorClassIdentifier: 
  _horizontalAxisName: Horizontal
  _verticalAxisName: Vertical
  _mouseAxisName: Mouse X
--- !u!136 &2585061360949225487
CapsuleCollider:
  m_ObjectHideFlags: 0
  m_CorrespondingSourceObject: {fileID: 0}
  m_PrefabInstance: {fileID: 0}
  m_PrefabAsset: {fileID: 0}
  m_GameObject: {fileID: 5557462399031257396}
  m_Material: {fileID: 0}
  m_IsTrigger: 0
  m_Enabled: 1
  m_Radius: 0.3
  m_Height: 2
  m_Direction: 1
  m_Center: {x: 0, y: 1, z: 0}
--- !u!54 &5984664175718512174
Rigidbody:
  m_ObjectHideFlags: 0
  m_CorrespondingSourceObject: {fileID: 0}
  m_PrefabInstance: {fileID: 0}
  m_PrefabAsset: {fileID: 0}
  m_GameObject: {fileID: 5557462399031257396}
  serializedVersion: 2
  m_Mass: 1
  m_Drag: 0
  m_AngularDrag: 0.05
  m_UseGravity: 0
  m_IsKinematic: 0
  m_Interpolate: 1
  m_Constraints: 116
  m_CollisionDetection: 0
--- !u!1 &5557462399031257398
GameObject:
  m_ObjectHideFlags: 0
  m_CorrespondingSourceObject: {fileID: 0}
  m_PrefabInstance: {fileID: 0}
  m_PrefabAsset: {fileID: 0}
  serializedVersion: 6
  m_Component:
  - component: {fileID: 5557462399031620950}
  m_Layer: 0
  m_Name: lowerarm_twist_01_r
  m_TagString: Untagged
  m_Icon: {fileID: 0}
  m_NavMeshLayer: 0
  m_StaticEditorFlags: 0
  m_IsActive: 1
--- !u!4 &5557462399031620950
Transform:
  m_ObjectHideFlags: 0
  m_CorrespondingSourceObject: {fileID: 0}
  m_PrefabInstance: {fileID: 0}
  m_PrefabAsset: {fileID: 0}
  m_GameObject: {fileID: 5557462399031257398}
  m_LocalRotation: {x: -0.000000014901158, y: -0.000000014901158, z: 0.000000007450579,
    w: 1}
  m_LocalPosition: {x: 0.17454746, y: -0.001502552, z: -0.0027674101}
  m_LocalScale: {x: 1.0000001, y: 1.0000001, z: 1.0000001}
  m_Children: []
  m_Father: {fileID: 5557462399031620954}
  m_RootOrder: 1
  m_LocalEulerAnglesHint: {x: 0, y: 0, z: 0}
--- !u!1 &5557462399031257400
GameObject:
  m_ObjectHideFlags: 0
  m_CorrespondingSourceObject: {fileID: 0}
  m_PrefabInstance: {fileID: 0}
  m_PrefabAsset: {fileID: 0}
  serializedVersion: 6
  m_Component:
  - component: {fileID: 5557462399031620952}
  m_Layer: 0
  m_Name: lowerarm_twist_01_l
  m_TagString: Untagged
  m_Icon: {fileID: 0}
  m_NavMeshLayer: 0
  m_StaticEditorFlags: 0
  m_IsActive: 1
--- !u!4 &5557462399031620952
Transform:
  m_ObjectHideFlags: 0
  m_CorrespondingSourceObject: {fileID: 0}
  m_PrefabInstance: {fileID: 0}
  m_PrefabAsset: {fileID: 0}
  m_GameObject: {fileID: 5557462399031257400}
  m_LocalRotation: {x: 0, y: 0, z: -0.000000007450581, w: 1}
  m_LocalPosition: {x: -0.17454624, y: 0.001502571, z: 0.0027675629}
  m_LocalScale: {x: 1, y: 1, z: 0.99999994}
  m_Children: []
  m_Father: {fileID: 5557462399031620956}
  m_RootOrder: 1
  m_LocalEulerAnglesHint: {x: 0, y: 0, z: 0}
--- !u!1 &5557462399031257402
GameObject:
  m_ObjectHideFlags: 0
  m_CorrespondingSourceObject: {fileID: 0}
  m_PrefabInstance: {fileID: 0}
  m_PrefabAsset: {fileID: 0}
  serializedVersion: 6
  m_Component:
  - component: {fileID: 5557462399031620954}
  m_Layer: 0
  m_Name: lowerarm_r
  m_TagString: Untagged
  m_Icon: {fileID: 0}
  m_NavMeshLayer: 0
  m_StaticEditorFlags: 0
  m_IsActive: 1
--- !u!4 &5557462399031620954
Transform:
  m_ObjectHideFlags: 0
  m_CorrespondingSourceObject: {fileID: 0}
  m_PrefabInstance: {fileID: 0}
  m_PrefabAsset: {fileID: 0}
  m_GameObject: {fileID: 5557462399031257402}
  m_LocalRotation: {x: -0.056447603, y: 0.0774684, z: 0.233496, w: 0.9676218}
  m_LocalPosition: {x: 0.272816, y: -0.015419178, z: 0.006133804}
  m_LocalScale: {x: 0.99999994, y: 1, z: 1}
  m_Children:
  - {fileID: 5557462399031620968}
  - {fileID: 5557462399031620950}
  m_Father: {fileID: 5557462399031620906}
  m_RootOrder: 0
  m_LocalEulerAnglesHint: {x: 0, y: 0, z: 0}
--- !u!1 &5557462399031257404
GameObject:
  m_ObjectHideFlags: 0
  m_CorrespondingSourceObject: {fileID: 0}
  m_PrefabInstance: {fileID: 0}
  m_PrefabAsset: {fileID: 0}
  serializedVersion: 6
  m_Component:
  - component: {fileID: 5557462399031620956}
  m_Layer: 0
  m_Name: lowerarm_l
  m_TagString: Untagged
  m_Icon: {fileID: 0}
  m_NavMeshLayer: 0
  m_StaticEditorFlags: 0
  m_IsActive: 1
--- !u!4 &5557462399031620956
Transform:
  m_ObjectHideFlags: 0
  m_CorrespondingSourceObject: {fileID: 0}
  m_PrefabInstance: {fileID: 0}
  m_PrefabAsset: {fileID: 0}
  m_GameObject: {fileID: 5557462399031257404}
  m_LocalRotation: {x: -0.05644759, y: 0.07746847, z: 0.23349601, w: 0.9676218}
  m_LocalPosition: {x: -0.27281478, y: 0.015419158, z: -0.0061338805}
  m_LocalScale: {x: 1, y: 0.99999994, z: 1}
  m_Children:
  - {fileID: 5557462399031620970}
  - {fileID: 5557462399031620952}
  m_Father: {fileID: 5557462399031620908}
  m_RootOrder: 0
  m_LocalEulerAnglesHint: {x: 0, y: 0, z: 0}
--- !u!1 &5557462399031257406
GameObject:
  m_ObjectHideFlags: 0
  m_CorrespondingSourceObject: {fileID: 0}
  m_PrefabInstance: {fileID: 0}
  m_PrefabAsset: {fileID: 0}
  serializedVersion: 6
  m_Component:
  - component: {fileID: 5557462399031620958}
  m_Layer: 0
  m_Name: index_02_r
  m_TagString: Untagged
  m_Icon: {fileID: 0}
  m_NavMeshLayer: 0
  m_StaticEditorFlags: 0
  m_IsActive: 1
--- !u!4 &5557462399031620958
Transform:
  m_ObjectHideFlags: 0
  m_CorrespondingSourceObject: {fileID: 0}
  m_PrefabInstance: {fileID: 0}
  m_PrefabAsset: {fileID: 0}
  m_GameObject: {fileID: 5557462399031257406}
  m_LocalRotation: {x: 0.011926116, y: 0.0033554737, z: -0.141669, w: 0.9898366}
  m_LocalPosition: {x: 0.042876776, y: 0.0000006866455, z: -0.0000007629394}
  m_LocalScale: {x: 1.0000001, y: 1, z: 1.0000001}
  m_Children: []
  m_Father: {fileID: 5557462399031620962}
  m_RootOrder: 0
  m_LocalEulerAnglesHint: {x: 0, y: 0, z: 0}
--- !u!1 &5557462399031257408
GameObject:
  m_ObjectHideFlags: 0
  m_CorrespondingSourceObject: {fileID: 0}
  m_PrefabInstance: {fileID: 0}
  m_PrefabAsset: {fileID: 0}
  serializedVersion: 6
  m_Component:
  - component: {fileID: 5557462399031620960}
  m_Layer: 0
  m_Name: index_02_l
  m_TagString: Untagged
  m_Icon: {fileID: 0}
  m_NavMeshLayer: 0
  m_StaticEditorFlags: 0
  m_IsActive: 1
--- !u!4 &5557462399031620960
Transform:
  m_ObjectHideFlags: 0
  m_CorrespondingSourceObject: {fileID: 0}
  m_PrefabInstance: {fileID: 0}
  m_PrefabAsset: {fileID: 0}
  m_GameObject: {fileID: 5557462399031257408}
  m_LocalRotation: {x: 0.011926071, y: 0.0033554828, z: -0.14166898, w: 0.9898366}
  m_LocalPosition: {x: -0.04287502, y: -0.000000076293944, z: 0}
  m_LocalScale: {x: 0.9999999, y: 1.0000001, z: 1.0000001}
  m_Children: []
  m_Father: {fileID: 5557462399031620964}
  m_RootOrder: 0
  m_LocalEulerAnglesHint: {x: 0, y: 0, z: 0}
--- !u!1 &5557462399031257410
GameObject:
  m_ObjectHideFlags: 0
  m_CorrespondingSourceObject: {fileID: 0}
  m_PrefabInstance: {fileID: 0}
  m_PrefabAsset: {fileID: 0}
  serializedVersion: 6
  m_Component:
  - component: {fileID: 5557462399031620962}
  m_Layer: 0
  m_Name: index_01_r
  m_TagString: Untagged
  m_Icon: {fileID: 0}
  m_NavMeshLayer: 0
  m_StaticEditorFlags: 0
  m_IsActive: 1
--- !u!4 &5557462399031620962
Transform:
  m_ObjectHideFlags: 0
  m_CorrespondingSourceObject: {fileID: 0}
  m_PrefabInstance: {fileID: 0}
  m_PrefabAsset: {fileID: 0}
  m_GameObject: {fileID: 5557462399031257410}
  m_LocalRotation: {x: -0.024719732, y: -0.08449005, z: -0.21933258, w: 0.9716705}
  m_LocalPosition: {x: 0.10692165, y: -0.00027153015, z: 0.02727994}
  m_LocalScale: {x: 0.99999994, y: 1.0000001, z: 1}
  m_Children:
  - {fileID: 5557462399031620958}
  m_Father: {fileID: 5557462399031620968}
  m_RootOrder: 0
  m_LocalEulerAnglesHint: {x: 0, y: 0, z: 0}
--- !u!1 &5557462399031257412
GameObject:
  m_ObjectHideFlags: 0
  m_CorrespondingSourceObject: {fileID: 0}
  m_PrefabInstance: {fileID: 0}
  m_PrefabAsset: {fileID: 0}
  serializedVersion: 6
  m_Component:
  - component: {fileID: 5557462399031620964}
  m_Layer: 0
  m_Name: index_01_l
  m_TagString: Untagged
  m_Icon: {fileID: 0}
  m_NavMeshLayer: 0
  m_StaticEditorFlags: 0
  m_IsActive: 1
--- !u!4 &5557462399031620964
Transform:
  m_ObjectHideFlags: 0
  m_CorrespondingSourceObject: {fileID: 0}
  m_PrefabInstance: {fileID: 0}
  m_PrefabAsset: {fileID: 0}
  m_GameObject: {fileID: 5557462399031257412}
  m_LocalRotation: {x: -0.024719717, y: -0.08449004, z: -0.21933256, w: 0.9716705}
  m_LocalPosition: {x: -0.10692352, y: 0.00026885985, z: -0.027279595}
  m_LocalScale: {x: 1, y: 1.0000001, z: 1}
  m_Children:
  - {fileID: 5557462399031620960}
  m_Father: {fileID: 5557462399031620970}
  m_RootOrder: 0
  m_LocalEulerAnglesHint: {x: 0, y: 0, z: 0}
--- !u!1 &5557462399031257414
GameObject:
  m_ObjectHideFlags: 0
  m_CorrespondingSourceObject: {fileID: 0}
  m_PrefabInstance: {fileID: 0}
  m_PrefabAsset: {fileID: 0}
  serializedVersion: 6
  m_Component:
  - component: {fileID: 5557462399031620966}
  m_Layer: 0
  m_Name: head
  m_TagString: Untagged
  m_Icon: {fileID: 0}
  m_NavMeshLayer: 0
  m_StaticEditorFlags: 0
  m_IsActive: 1
--- !u!4 &5557462399031620966
Transform:
  m_ObjectHideFlags: 0
  m_CorrespondingSourceObject: {fileID: 0}
  m_PrefabInstance: {fileID: 0}
  m_PrefabAsset: {fileID: 0}
  m_GameObject: {fileID: 5557462399031257414}
  m_LocalRotation: {x: -1.1416561e-15, y: 7.3234824e-15, z: -0.13354214, w: 0.99104315}
  m_LocalPosition: {x: -0.09378906, y: 0.0001699829, z: -1.8189894e-14}
  m_LocalScale: {x: 0.99999994, y: 0.99999994, z: 1}
  m_Children: []
  m_Father: {fileID: 5557462399031620946}
  m_RootOrder: 0
  m_LocalEulerAnglesHint: {x: 0, y: 0, z: 0}
--- !u!1 &5557462399031257416
GameObject:
  m_ObjectHideFlags: 0
  m_CorrespondingSourceObject: {fileID: 0}
  m_PrefabInstance: {fileID: 0}
  m_PrefabAsset: {fileID: 0}
  serializedVersion: 6
  m_Component:
  - component: {fileID: 5557462399031620968}
  m_Layer: 0
  m_Name: hand_r
  m_TagString: Untagged
  m_Icon: {fileID: 0}
  m_NavMeshLayer: 0
  m_StaticEditorFlags: 0
  m_IsActive: 1
--- !u!4 &5557462399031620968
Transform:
  m_ObjectHideFlags: 0
  m_CorrespondingSourceObject: {fileID: 0}
  m_PrefabInstance: {fileID: 0}
  m_PrefabAsset: {fileID: 0}
  m_GameObject: {fileID: 5557462399031257416}
  m_LocalRotation: {x: -0.65309393, y: 0.011077785, z: -0.01728327, w: 0.75699866}
  m_LocalPosition: {x: 0.30454874, y: 0.0000001335144, z: -0.000000076293944}
  m_LocalScale: {x: 1.0000001, y: 1.0000001, z: 1.0000001}
  m_Children:
  - {fileID: 5557462399031620962}
  - {fileID: 5557462399031620940}
  - {fileID: 5557462399031620914}
  - {fileID: 7477389211624538679}
  m_Father: {fileID: 5557462399031620954}
  m_RootOrder: 0
  m_LocalEulerAnglesHint: {x: 0, y: 0, z: 0}
--- !u!1 &5557462399031257418
GameObject:
  m_ObjectHideFlags: 0
  m_CorrespondingSourceObject: {fileID: 0}
  m_PrefabInstance: {fileID: 0}
  m_PrefabAsset: {fileID: 0}
  serializedVersion: 6
  m_Component:
  - component: {fileID: 5557462399031620970}
  m_Layer: 0
  m_Name: hand_l
  m_TagString: Untagged
  m_Icon: {fileID: 0}
  m_NavMeshLayer: 0
  m_StaticEditorFlags: 0
  m_IsActive: 1
--- !u!4 &5557462399031620970
Transform:
  m_ObjectHideFlags: 0
  m_CorrespondingSourceObject: {fileID: 0}
  m_PrefabInstance: {fileID: 0}
  m_PrefabAsset: {fileID: 0}
  m_GameObject: {fileID: 5557462399031257418}
  m_LocalRotation: {x: -0.65309393, y: 0.011077799, z: -0.017283266, w: 0.75699866}
  m_LocalPosition: {x: -0.3045477, y: 0.000000019073486, z: 0}
  m_LocalScale: {x: 0.9999999, y: 1, z: 1}
  m_Children:
  - {fileID: 5557462399031620964}
  - {fileID: 5557462399031620942}
  - {fileID: 5557462399031620916}
  m_Father: {fileID: 5557462399031620956}
  m_RootOrder: 0
  m_LocalEulerAnglesHint: {x: 0, y: 0, z: 0}
--- !u!1 &5557462399031257420
GameObject:
  m_ObjectHideFlags: 0
  m_CorrespondingSourceObject: {fileID: 0}
  m_PrefabInstance: {fileID: 0}
  m_PrefabAsset: {fileID: 0}
  serializedVersion: 6
  m_Component:
  - component: {fileID: 5557462399031620972}
  m_Layer: 0
  m_Name: foot_r
  m_TagString: Untagged
  m_Icon: {fileID: 0}
  m_NavMeshLayer: 0
  m_StaticEditorFlags: 0
  m_IsActive: 1
--- !u!4 &5557462399031620972
Transform:
  m_ObjectHideFlags: 0
  m_CorrespondingSourceObject: {fileID: 0}
  m_PrefabInstance: {fileID: 0}
  m_PrefabAsset: {fileID: 0}
  m_GameObject: {fileID: 5557462399031257420}
  m_LocalRotation: {x: -0.0077020815, y: -0.031603206, z: -0.013336816, w: 0.99938184}
  m_LocalPosition: {x: -0.39916077, y: -0.011779949, z: -0.0032878874}
  m_LocalScale: {x: 1, y: 1.0000001, z: 1.0000001}
  m_Children:
  - {fileID: 5557462399031620988}
  m_Father: {fileID: 5557462399031620984}
  m_RootOrder: 1
  m_LocalEulerAnglesHint: {x: 0, y: 0, z: 0}
--- !u!1 &5557462399031257422
GameObject:
  m_ObjectHideFlags: 0
  m_CorrespondingSourceObject: {fileID: 0}
  m_PrefabInstance: {fileID: 0}
  m_PrefabAsset: {fileID: 0}
  serializedVersion: 6
  m_Component:
  - component: {fileID: 5557462399031620974}
  m_Layer: 0
  m_Name: foot_l
  m_TagString: Untagged
  m_Icon: {fileID: 0}
  m_NavMeshLayer: 0
  m_StaticEditorFlags: 0
  m_IsActive: 1
--- !u!4 &5557462399031620974
Transform:
  m_ObjectHideFlags: 0
  m_CorrespondingSourceObject: {fileID: 0}
  m_PrefabInstance: {fileID: 0}
  m_PrefabAsset: {fileID: 0}
  m_GameObject: {fileID: 5557462399031257422}
  m_LocalRotation: {x: -0.007702081, y: -0.03160321, z: -0.013336816, w: 0.99938184}
  m_LocalPosition: {x: 0.39915934, y: 0.0117797945, z: 0.0032877922}
  m_LocalScale: {x: 1, y: 1.0000001, z: 1}
  m_Children:
  - {fileID: 5557462399031620990}
  m_Father: {fileID: 5557462399031620986}
  m_RootOrder: 1
  m_LocalEulerAnglesHint: {x: 0, y: 0, z: 0}
--- !u!1 &5557462399031257424
GameObject:
  m_ObjectHideFlags: 0
  m_CorrespondingSourceObject: {fileID: 0}
  m_PrefabInstance: {fileID: 0}
  m_PrefabAsset: {fileID: 0}
  serializedVersion: 6
  m_Component:
  - component: {fileID: 5557462399031620976}
  m_Layer: 0
  m_Name: clavicle_r
  m_TagString: Untagged
  m_Icon: {fileID: 0}
  m_NavMeshLayer: 0
  m_StaticEditorFlags: 0
  m_IsActive: 1
--- !u!4 &5557462399031620976
Transform:
  m_ObjectHideFlags: 0
  m_CorrespondingSourceObject: {fileID: 0}
  m_PrefabInstance: {fileID: 0}
  m_PrefabAsset: {fileID: 0}
  m_GameObject: {fileID: 5557462399031257424}
  m_LocalRotation: {x: 0.72941685, y: 0.2089178, z: 0.6396598, w: 0.123044044}
  m_LocalPosition: {x: -0.118837886, y: -0.027320994, z: 0.037820026}
  m_LocalScale: {x: 1, y: 0.99999994, z: 0.99999994}
  m_Children:
  - {fileID: 5557462399031620906}
  m_Father: {fileID: 5557462399031620926}
  m_RootOrder: 1
  m_LocalEulerAnglesHint: {x: 0, y: 0, z: 0}
--- !u!1 &5557462399031257426
GameObject:
  m_ObjectHideFlags: 0
  m_CorrespondingSourceObject: {fileID: 0}
  m_PrefabInstance: {fileID: 0}
  m_PrefabAsset: {fileID: 0}
  serializedVersion: 6
  m_Component:
  - component: {fileID: 5557462399031620978}
  m_Layer: 0
  m_Name: clavicle_l
  m_TagString: Untagged
  m_Icon: {fileID: 0}
  m_NavMeshLayer: 0
  m_StaticEditorFlags: 0
  m_IsActive: 1
--- !u!4 &5557462399031620978
Transform:
  m_ObjectHideFlags: 0
  m_CorrespondingSourceObject: {fileID: 0}
  m_PrefabInstance: {fileID: 0}
  m_PrefabAsset: {fileID: 0}
  m_GameObject: {fileID: 5557462399031257426}
  m_LocalRotation: {x: 0.20891777, y: -0.7294168, z: -0.12304402, w: 0.6396598}
  m_LocalPosition: {x: -0.11883697, y: -0.027320862, z: -0.03781983}
  m_LocalScale: {x: 1, y: 0.99999994, z: 0.99999994}
  m_Children:
  - {fileID: 5557462399031620908}
  m_Father: {fileID: 5557462399031620926}
  m_RootOrder: 0
  m_LocalEulerAnglesHint: {x: 0, y: 0, z: 0}
--- !u!1 &5557462399031257428
GameObject:
  m_ObjectHideFlags: 0
  m_CorrespondingSourceObject: {fileID: 0}
  m_PrefabInstance: {fileID: 0}
  m_PrefabAsset: {fileID: 0}
  serializedVersion: 6
  m_Component:
  - component: {fileID: 5557462399031620980}
  m_Layer: 0
  m_Name: calf_twist_01_r
  m_TagString: Untagged
  m_Icon: {fileID: 0}
  m_NavMeshLayer: 0
  m_StaticEditorFlags: 0
  m_IsActive: 1
--- !u!4 &5557462399031620980
Transform:
  m_ObjectHideFlags: 0
  m_CorrespondingSourceObject: {fileID: 0}
  m_PrefabInstance: {fileID: 0}
  m_PrefabAsset: {fileID: 0}
  m_GameObject: {fileID: 5557462399031257428}
  m_LocalRotation: {x: 0.0028089436, y: 0.0019333856, z: 0.007612692, w: 0.99996525}
  m_LocalPosition: {x: -0.21189266, y: -0.0031201672, z: 0.0007831001}
  m_LocalScale: {x: 0.99999994, y: 1.0000001, z: 1.0000001}
  m_Children: []
  m_Father: {fileID: 5557462399031620984}
  m_RootOrder: 0
  m_LocalEulerAnglesHint: {x: 0, y: 0, z: 0}
--- !u!1 &5557462399031257430
GameObject:
  m_ObjectHideFlags: 0
  m_CorrespondingSourceObject: {fileID: 0}
  m_PrefabInstance: {fileID: 0}
  m_PrefabAsset: {fileID: 0}
  serializedVersion: 6
  m_Component:
  - component: {fileID: 5557462399031620982}
  m_Layer: 0
  m_Name: calf_twist_01_l
  m_TagString: Untagged
  m_Icon: {fileID: 0}
  m_NavMeshLayer: 0
  m_StaticEditorFlags: 0
  m_IsActive: 1
--- !u!4 &5557462399031620982
Transform:
  m_ObjectHideFlags: 0
  m_CorrespondingSourceObject: {fileID: 0}
  m_PrefabInstance: {fileID: 0}
  m_PrefabAsset: {fileID: 0}
  m_GameObject: {fileID: 5557462399031257430}
  m_LocalRotation: {x: 0.0028089446, y: 0.0019333859, z: 0.007612693, w: 0.99996525}
  m_LocalPosition: {x: 0.21189125, y: 0.00312016, z: -0.00078308105}
  m_LocalScale: {x: 0.9999999, y: 1.0000001, z: 1}
  m_Children: []
  m_Father: {fileID: 5557462399031620986}
  m_RootOrder: 0
  m_LocalEulerAnglesHint: {x: 0, y: 0, z: 0}
--- !u!1 &5557462399031257432
GameObject:
  m_ObjectHideFlags: 0
  m_CorrespondingSourceObject: {fileID: 0}
  m_PrefabInstance: {fileID: 0}
  m_PrefabAsset: {fileID: 0}
  serializedVersion: 6
  m_Component:
  - component: {fileID: 5557462399031620984}
  m_Layer: 0
  m_Name: calf_r
  m_TagString: Untagged
  m_Icon: {fileID: 0}
  m_NavMeshLayer: 0
  m_StaticEditorFlags: 0
  m_IsActive: 1
--- !u!4 &5557462399031620984
Transform:
  m_ObjectHideFlags: 0
  m_CorrespondingSourceObject: {fileID: 0}
  m_PrefabInstance: {fileID: 0}
  m_PrefabAsset: {fileID: 0}
  m_GameObject: {fileID: 5557462399031257432}
  m_LocalRotation: {x: -0.047525615, y: 0.000630375, z: 0.010760214, w: 0.9988119}
  m_LocalPosition: {x: -0.4354509, y: -0.0045283698, z: -0.015481777}
  m_LocalScale: {x: 1, y: 1, z: 1}
  m_Children:
  - {fileID: 5557462399031620980}
  - {fileID: 5557462399031620972}
  m_Father: {fileID: 5557462399031620922}
  m_RootOrder: 0
  m_LocalEulerAnglesHint: {x: 0, y: 0, z: 0}
--- !u!1 &5557462399031257434
GameObject:
  m_ObjectHideFlags: 0
  m_CorrespondingSourceObject: {fileID: 0}
  m_PrefabInstance: {fileID: 0}
  m_PrefabAsset: {fileID: 0}
  serializedVersion: 6
  m_Component:
  - component: {fileID: 5557462399031620986}
  m_Layer: 0
  m_Name: calf_l
  m_TagString: Untagged
  m_Icon: {fileID: 0}
  m_NavMeshLayer: 0
  m_StaticEditorFlags: 0
  m_IsActive: 1
--- !u!4 &5557462399031620986
Transform:
  m_ObjectHideFlags: 0
  m_CorrespondingSourceObject: {fileID: 0}
  m_PrefabInstance: {fileID: 0}
  m_PrefabAsset: {fileID: 0}
  m_GameObject: {fileID: 5557462399031257434}
  m_LocalRotation: {x: -0.047525615, y: 0.00063037506, z: 0.010760215, w: 0.9988119}
  m_LocalPosition: {x: 0.43544865, y: 0.0045283926, z: 0.015481777}
  m_LocalScale: {x: 0.99999994, y: 1, z: 1}
  m_Children:
  - {fileID: 5557462399031620982}
  - {fileID: 5557462399031620974}
  m_Father: {fileID: 5557462399031620924}
  m_RootOrder: 0
  m_LocalEulerAnglesHint: {x: 0, y: 0, z: 0}
--- !u!1 &5557462399031257436
GameObject:
  m_ObjectHideFlags: 0
  m_CorrespondingSourceObject: {fileID: 0}
  m_PrefabInstance: {fileID: 0}
  m_PrefabAsset: {fileID: 0}
  serializedVersion: 6
  m_Component:
  - component: {fileID: 5557462399031620988}
  m_Layer: 0
  m_Name: ball_r
  m_TagString: Untagged
  m_Icon: {fileID: 0}
  m_NavMeshLayer: 0
  m_StaticEditorFlags: 0
  m_IsActive: 1
--- !u!4 &5557462399031620988
Transform:
  m_ObjectHideFlags: 0
  m_CorrespondingSourceObject: {fileID: 0}
  m_PrefabInstance: {fileID: 0}
  m_PrefabAsset: {fileID: 0}
  m_GameObject: {fileID: 5557462399031257436}
  m_LocalRotation: {x: 0.00008008828, y: -0.000029604133, z: 0.7186338, w: 0.69538873}
  m_LocalPosition: {x: -0.10453829, y: 0.16577867, z: -0.00080156326}
  m_LocalScale: {x: 1, y: 1, z: 1}
  m_Children: []
  m_Father: {fileID: 5557462399031620972}
  m_RootOrder: 0
  m_LocalEulerAnglesHint: {x: 0, y: 0, z: 0}
--- !u!1 &5557462399031257438
GameObject:
  m_ObjectHideFlags: 0
  m_CorrespondingSourceObject: {fileID: 0}
  m_PrefabInstance: {fileID: 0}
  m_PrefabAsset: {fileID: 0}
  serializedVersion: 6
  m_Component:
  - component: {fileID: 5557462399031620990}
  m_Layer: 0
  m_Name: ball_l
  m_TagString: Untagged
  m_Icon: {fileID: 0}
  m_NavMeshLayer: 0
  m_StaticEditorFlags: 0
  m_IsActive: 1
--- !u!4 &5557462399031620990
Transform:
  m_ObjectHideFlags: 0
  m_CorrespondingSourceObject: {fileID: 0}
  m_PrefabInstance: {fileID: 0}
  m_PrefabAsset: {fileID: 0}
  m_GameObject: {fileID: 5557462399031257438}
  m_LocalRotation: {x: 0.00008008794, y: -0.000029603809, z: 0.7186338, w: 0.69538873}
  m_LocalPosition: {x: 0.10453835, y: -0.16577858, z: 0.0008016014}
  m_LocalScale: {x: 1, y: 1, z: 1}
  m_Children: []
  m_Father: {fileID: 5557462399031620974}
  m_RootOrder: 0
  m_LocalEulerAnglesHint: {x: 0, y: 0, z: 0}
--- !u!65 &2367134824822272497
BoxCollider:
  m_ObjectHideFlags: 0
  m_CorrespondingSourceObject: {fileID: 0}
  m_PrefabInstance: {fileID: 0}
  m_PrefabAsset: {fileID: 0}
  m_GameObject: {fileID: 7477389211625037335}
  m_Material: {fileID: 0}
  m_IsTrigger: 0
  m_Enabled: 1
  serializedVersion: 2
  m_Size: {x: 0.14614092, y: 1.0791577, z: 0.042064995}
  m_Center: {x: -0.02479246, y: 0.35786057, z: 0.00000043568335}
--- !u!1001 &7477389211624937655
PrefabInstance:
  m_ObjectHideFlags: 0
  serializedVersion: 2
  m_Modification:
    m_TransformParent: {fileID: 5557462399031620968}
    m_Modifications:
    - target: {fileID: 100000, guid: 35f531e9aa083864dac0c5b19a936f78, type: 3}
      propertyPath: m_Name
      value: Model_Sword16
      objectReference: {fileID: 0}
    - target: {fileID: 400000, guid: 35f531e9aa083864dac0c5b19a936f78, type: 3}
      propertyPath: m_LocalPosition.x
      value: 0.0964
      objectReference: {fileID: 0}
    - target: {fileID: 400000, guid: 35f531e9aa083864dac0c5b19a936f78, type: 3}
      propertyPath: m_LocalPosition.y
      value: -0.0301
      objectReference: {fileID: 0}
    - target: {fileID: 400000, guid: 35f531e9aa083864dac0c5b19a936f78, type: 3}
      propertyPath: m_LocalPosition.z
      value: 0.0107
      objectReference: {fileID: 0}
    - target: {fileID: 400000, guid: 35f531e9aa083864dac0c5b19a936f78, type: 3}
      propertyPath: m_LocalRotation.x
      value: 0.65672266
      objectReference: {fileID: 0}
    - target: {fileID: 400000, guid: 35f531e9aa083864dac0c5b19a936f78, type: 3}
      propertyPath: m_LocalRotation.y
      value: -0.04875146
      objectReference: {fileID: 0}
    - target: {fileID: 400000, guid: 35f531e9aa083864dac0c5b19a936f78, type: 3}
      propertyPath: m_LocalRotation.z
      value: -0.09113311
      objectReference: {fileID: 0}
    - target: {fileID: 400000, guid: 35f531e9aa083864dac0c5b19a936f78, type: 3}
      propertyPath: m_LocalRotation.w
      value: 0.7470164
      objectReference: {fileID: 0}
    - target: {fileID: 400000, guid: 35f531e9aa083864dac0c5b19a936f78, type: 3}
      propertyPath: m_RootOrder
      value: 3
      objectReference: {fileID: 0}
    - target: {fileID: 400000, guid: 35f531e9aa083864dac0c5b19a936f78, type: 3}
      propertyPath: m_LocalEulerAnglesHint.x
      value: 76.478004
      objectReference: {fileID: 0}
    - target: {fileID: 400000, guid: 35f531e9aa083864dac0c5b19a936f78, type: 3}
      propertyPath: m_LocalEulerAnglesHint.y
      value: -55.429
      objectReference: {fileID: 0}
    - target: {fileID: 400000, guid: 35f531e9aa083864dac0c5b19a936f78, type: 3}
      propertyPath: m_LocalEulerAnglesHint.z
      value: -58.888004
      objectReference: {fileID: 0}
    - target: {fileID: 2300000, guid: 35f531e9aa083864dac0c5b19a936f78, type: 3}
      propertyPath: m_Materials.Array.data[0]
      value: 
      objectReference: {fileID: 2100000, guid: 879a2d67aad7a4c42b648735e46e22e1, type: 2}
    m_RemovedComponents: []
  m_SourcePrefab: {fileID: 100100000, guid: 35f531e9aa083864dac0c5b19a936f78, type: 3}
--- !u!4 &7477389211624538679 stripped
Transform:
  m_CorrespondingSourceObject: {fileID: 400000, guid: 35f531e9aa083864dac0c5b19a936f78,
    type: 3}
  m_PrefabInstance: {fileID: 7477389211624937655}
  m_PrefabAsset: {fileID: 0}
--- !u!1 &7477389211625037335 stripped
GameObject:
  m_CorrespondingSourceObject: {fileID: 100000, guid: 35f531e9aa083864dac0c5b19a936f78,
    type: 3}
  m_PrefabInstance: {fileID: 7477389211624937655}
  m_PrefabAsset: {fileID: 0}
